@article{rabiner1989tutorial,
  author  = {Lawrence R. Rabiner},
  title   = {A tutorial on hidden Markov models and selected applications in speech recognition},
  journal = {Proceedings of the IEEE},
  volume  = {77},
  number  = {2},
  pages   = {257--286},
  year    = {1989}
}

@article{hinton2012deep,
  author  = {Geoffrey Hinton and Li Deng and Dong Yu and George E. Dahl and Abdel-rahman Mohamed and Navdeep Jaitly and Andrew Senior and Vincent Vanhoucke and Patrick Nguyen and Brian Kingsbury and others},
  title   = {Deep neural networks for acoustic modeling in speech recognition: The shared views of four research groups},
  journal = {IEEE Signal Processing Magazine},
  volume  = {29},
  number  = {6},
  pages   = {82--97},
  year    = {2012}
}

@article{hannun2014deep,
  author  = {Awni Hannun and Carl Case and Jared Casper and Bryan Catanzaro and Greg Diamos and Erich Elsen and Ryan Prenger and Sanjeev Satheesh and Shubho Sengupta and Adam Coates and Andrew Y. Ng},
  title   = {Deep Speech: Scaling up end-to-end speech recognition},
  journal = {arXiv preprint arXiv:1412.5567},
  year    = {2014}
}

@inproceedings{vaswani2017attention,
  author    = {Ashish Vaswani and Noam Shazeer and Niki Parmar and Jakob Uszkoreit and Llion Jones and Aidan N. Gomez and ≈Åukasz Kaiser and Illia Polosukhin},
  title     = {Attention is all you need},
  booktitle = {Advances in Neural Information Processing Systems (NeurIPS)},
  year      = {2017}
}

@article{oord2016wavenet,
  author  = {Aaron van den Oord and Sander Dieleman and Heiga Zen and Karen Simonyan and Oriol Vinyals and Alex Graves and Nal Kalchbrenner and Andrew Senior and Koray Kavukcuoglu},
  title   = {WaveNet: A generative model for raw audio},
  journal = {arXiv preprint arXiv:1609.03499},
  year    = {2016}
}

@inproceedings{schneider2019wav2vec,
  author    = {Steffen Schneider and Alexei Baevski and Ronan Collobert and Michael Auli},
  title     = {wav2vec: Unsupervised pre-training for speech recognition},
  booktitle = {Interspeech},
  year      = {2019}
}

@inproceedings{settle2018end,
  author    = {Sean Settle and Jonathan Le Roux and Takaaki Hori and Shinji Watanabe and John R. Hershey},
  title     = {End-to-end multi-speaker speech recognition},
  booktitle = {Proc. IEEE International Conference on Acoustics, Speech, and Signal Processing (ICASSP)},
  pages     = {4819--4823},
  year      = {2018}
}

@inproceedings{voll2007hybrid,
  author    = {Kerstin Voll},
  title     = {A Hybrid Approach to Improving Automatic Speech Recognition Via NLP},
  booktitle = {Advances in Artificial Intelligence (Canadian AI 2007)},
  pages     = {514--525},
  publisher = {Springer},
  year      = {2007}
}

@article{perero2022comparison,
  author    = {Jos{\'e} M. Perero-Codosero and Francisco M. Espinoza-Cuadros and Luis A. Hern{\'a}ndez-G{\'o}mez},
  title     = {A Comparison of Hybrid and End-to-End ASR Systems for the IberSpeech-RTVE 2020 Speech-to-Text Transcription Challenge},
  journal   = {Applied Sciences},
  volume    = {12},
  number    = {2},
  pages     = {903},
  year      = {2022},
  publisher = {MDPI}
}

@article{ahmed2023end,
  author    = {Gulfam Ahmed and A. A. Lawaye},
  title     = {End-to-end ASR framework for Indian-English accent: using speech CNN-based segmentation},
  journal   = {International Journal of Speech Technology},
  volume    = {26},
  pages     = {903--918},
  year      = {2023},
  publisher = {Springer}
}
@inproceedings{gupta2003robust,
  author    = {Maya R. Gupta and Joseph P. Gilbert},
  title     = {Robust Speech Recognition Using Wavelet Coefficient Features},
  booktitle = {Proceedings of the IEEE International Conference on Acoustics, Speech, and Signal Processing (ICASSP)},
  year      = {2003},
  pages     = {I-613--I-616},
  publisher = {IEEE}
}

@inproceedings{wang2008robust,
  author    = {Kun-Ching Wang},
  title     = {Robust Voice Activity Detection Based on Discrete Wavelet Transform},
  booktitle = {Proceedings of the 20th Conference on Computational Linguistics and Speech Processing},
  year      = {2008},
  pages     = {216--228},
  address   = {Taipei, Taiwan},
  publisher = {The Association for Computational Linguistics and Chinese Language Processing (ACLCLP)}
}

@inproceedings{Snyder2018Xvectors,
  author    = {David Snyder and Daniel Garcia-Romero and Gregory Sell and Daniel Povey and Sanjeev Khudanpur},
  title     = {X-Vectors: Robust DNN Embeddings for Speaker Recognition},
  booktitle = {Proceedings of the IEEE International Conference on Acoustics, Speech, and Signal Processing (ICASSP)},
  year      = {2018},
  pages     = {5329--5333},
  publisher = {IEEE}
}

@inproceedings{Wan2018Generalized,
  author    = {Li Wan and Quan Wang and Alan Papir and Ignacio Lopez Moreno},
  title     = {Generalized End-to-End Loss for Speaker Verification},
  booktitle = {Proceedings of the IEEE International Conference on Acoustics, Speech, and Signal Processing (ICASSP)},
  year      = {2018},
  pages     = {4879--4883},
  publisher = {IEEE}
}
@article{Cong2019QuantumCNN,
  title     = {Quantum Convolutional Neural Networks},
  author    = {Iris Cong and Soonwon Choi and Mikhail D. Lukin},
  journal   = {Nature Physics},
  volume    = {15},
  pages     = {1273--1278},
  year      = {2019},
  publisher = {Nature Publishing Group}
}

@inproceedings{Yang2021Decentralizing,
  title     = {Decentralizing Feature Extraction with Quantum Convolutional Neural Network for Automatic Speech Recognition},
  author    = {Chao-Han Huck Yang and Jun Qi and Samuel Yen-Chi Chen and Pin-Yu Chen and Sabato Marco Siniscalchi and Xiaoli Ma and Chin-Hui Lee},
  booktitle = {Proceedings of the IEEE International Conference on Acoustics, Speech and Signal Processing (ICASSP)},
  year      = {2021},
  pages     = {6523--6527},
  publisher = {IEEE}
}

@article{graves2013speech,
  author    = {Alex Graves and Abdel-rahman Mohamed and Geoffrey Hinton},
  title     = {Speech recognition with deep recurrent neural networks},
  journal   = {2013 IEEE International Conference on Acoustics, Speech and Signal Processing (ICASSP)},
  pages     = {6645--6649},
  year      = {2013},
  publisher = {IEEE}
}

@book{oppenheim1999discrete,
  author    = {Alan V. Oppenheim and Ronald W. Schafer},
  title     = {Discrete-Time Signal Processing},
  publisher = {Prentice Hall},
  year      = {1999},
  edition   = {2nd},
  address   = {Upper Saddle River, NJ}
}

@article{davis1980comparison,
  author    = {S. B. Davis and P. Mermelstein},
  title     = {Comparison of parametric representations for monosyllabic word recognition in continuously spoken sentences},
  journal   = {IEEE Transactions on Acoustics, Speech, and Signal Processing},
  volume    = {28},
  number    = {4},
  pages     = {357--366},
  year      = {1980},
  publisher = {IEEE}
}

@book{rabiner1993fundamentals,
  author    = {Lawrence Rabiner and Biing-Hwang Juang},
  title     = {Fundamentals of Speech Recognition},
  publisher = {Prentice Hall},
  year      = {1993},
  address   = {Englewood Cliffs, NJ}
}

@inproceedings{tufekci2000dwt,
  author    = {Z. Tufekci and J. N. Gowdy},
  title     = {Feature Extraction Using Discrete Wavelet Transform for Speech Recognition},
  booktitle = {Proceedings of IEEE Southeastcon},
  pages     = {116--123},
  year      = {2000}
}


@article{wan2018dvector,
  author  = {Wan, L. and Wei, X. and Xie, L. and Xu, Y.},
  title   = {D-vector: A deep learning approach for speaker verification},
  journal = {Interspeech},
  year    = {2018},
  volume  = {1600-1604},
  pages   = {1600-1604}
}

@inproceedings{variani2014deep,
  title        = {Deep neural networks for small footprint text-dependent speaker verification},
  author       = {Variani, Ehsan and Lei, Xin and McDermott, Erik and Moreno, Ignacio Lopez and Gonzalez-Dominguez, Javier},
  booktitle    = {2014 IEEE international conference on acoustics, speech and signal processing (ICASSP)},
  pages        = {4052--4056},
  year         = {2014},
  organization = {IEEE}
}

@inproceedings{ilyas2007speaker,
  author    = {Mohd Zaizu Ilyas and Salina Abdul Samad and Aini Hussain and Khairul Anuar Ishak},
  title     = {Speaker Verification using Vector Quantization and Hidden Markov Model},
  booktitle = {Proceedings of the 5th Student Conference on Research and Development (SCOReD)},
  year      = {2007},
  address   = {Malaysia},
  publisher = {IEEE},
  pages     = {1--6},
  doi       = {10.1109/SCORED.2007.4451528}
}